@book{cabrerizo2007,
  title={Programación  por competencias. Formación y práctica},
  author = {Cabrerizo, J. and Rubio, Mª. and Castillo, S.},
  year = {2007},
  publisher = {Pearson}
}

@book{adams2013,
	title={Calculus: a complete course},
	author = {Adams, R. and Essex, C.},
	year = {2013},
	publisher = {Pearson Canada Inc},
	edition = {Eighth edition},
	isbn = {978-0-321-78107-9}
}

@book{rico2016,
  title = {Elementos de didáctica de la matemática para el profesor de secundaria},
  author = {Rico, L. and Moreno, A.},
  year = {2016},
  publisher = {Madrid, Ediciones Pirámide}
}

@book{whittaker1927,
  title = {A Course in Modern Analysis},
  author = {Whittaker, E.T. and Watson, G. N.},
  year = {1927},
  edition = {4th edition},
  publisher = {Cambridge University Press}
}

@book{rico1997,
  title = {Dimensiones y componentes de la noción de currículo. Bases teóricas del currículo de matemáticas en educación secundaria},
  author = {Rico, L.},
  year = {1997},
  publisher = {Madrid, Síntesis}
}

@article{lupi2013,
  title = {Análisis didáctico: la planificación del aprendizaje desde una perspectiva curricular},
  author = {Lupiáñez, J.L.},
  booktitle = {Análisis didáctico en educación matemática: metodología de investigación, formación de profesores e innovación curricular},
  year = {2013},
  pages = {81-101},
  publisher = {Comares}
}

@book{rico2013,
  title = {Análisis didáctico en educación matemática: metodología de investigación, formación de profesores e innovación curricular},
  author = {Rico, L. and Lupiáñez, J.L. and Molina, M},
  year = {2013},
  publisher = {Comares}
}

@misc{chollet2015keras,
  title={Keras. \url{https://keras.io}},
  author={Chollet, Fran\c{c}ois and others},
  year={2015},
  howpublished={\url{https://keras.io}},
}

@misc{materialgeogebra,
	title = {Material interactivo para números complejos. Geogebra. \url{https://www.geogebra.org/m/r6kvAa2s}},
	author = {Córdova, E. and García, R. and Usuario matematicafpu},
	year = {2021}
}

@book{ma2009intelligent,
  title={Intelligent video surveillance: systems and technology},
  author={Ma, Yunqian and Qian, Gang},
  year={2009},
  publisher={CRC Press}
}

@article{blank1999,
	title = {An Imaginary Tale Book Review},
	author = {Blank, B.},
	journal = {Notices of the AMS},
	volume = {46},
	number = {10}, 
	pages = {1233-1236},
	year = {1999}
}

@book{needham1997,
		title = {Visual Complex Analysis},
		author = {Needham, T.},
		publisher = {Oxford University Press},
		city = {New York},
		year = {1997}
}

@article{dunham1999,
	title = {Euler, The Master of Us All},
	author = {Dunham, W.},
	journal = {The Dolciani Mathematical Expositions. Mathematical Association of America},
	year = {1999},
	number = {22}
}

@book{nahin1998,
	title = {An Imaginary Tale},
	author ={Nahin, P.},
	publisher = {Princeton University Press},
	city = {New York},
	year = {1998}
}

@book{argand1971,
	title = {Essai sur une Manière de Representer Les Quantites Imaginaires dnas Les Constructions Géométriques},
	author = {Argand, R.},
	publisher = {Reprinted 1971 A. Blanchard}
}

@misc{mactutor,
	title = {The MacTutor History of Mathematics archive. \url{www.gap-system.org/history/}},
	year = {Consultado en febrero de 2021}
}

@book{descartes1952,
	title = {La Géométrie},
	author = {Descartes, R.},
	publisher = {Open Court Publishing Company},
	city = {La Salle, Illinois},
	year = {1952}
}

@book{crowe1967,
	title = {A History of Vector Analysis},
	author = {Crowe, M.},
	publisher = {University of Notre Dame Press},
	year = {1967}
}

@book{waerden1985,
	title = {A History of Algebra},
	author = { {van der Waerden}, B.L.},
	publisher = {Springer Verlag, NY},
	year = {1985}
}